
@Misc{Redcode,
author = {Ilmari Karonen},
title = {Beginners Guide to Redcode},
note = {http://vyznev.net/corewar/guide.html},
}

@Misc{Devolab,
note = {http://devolab.msu.edu/},
}

@Misc{OnTierra,
author = {mathew},
title = {Get A-Life},
note = {http://www.infidels.org/library/modern/meta/getalife/coretierra.html},
}

@Misc{OnEfficientTierra,
note = {http://www.biota.org/book/chbi/chbi4.htm},
title = {On an efficient Implementation of Tierra},
note = {http://www.complexity.org.au/ci/vol04/eff-tierra/eff-tierra.html},
author = {Russel K. Standish},
}

@ARTICLE{Standish03open-endedartificial,
    author = {Russell K. Standish},
    title = {Open-ended artificial evolution},
    journal = {International Journal of Computational Intelligence and Applications},
    year = {2003},
    volume = {3},
    pages = {2003}
}

@ARTICLE{Standish97onan,
    author = {Russell K. Standish},
    title = {On an efficient implementation of Tierra},
    journal = {Complexity International},
    year = {1997},
    volume = {4}
}


@Misc{CoreWarGuide,
author = {Scott Manley},
note = {http://corewar.co.uk/manley/guide.htm},
title = {Scott's Quick Core War Guide},
}

@article{569719,
 author = {Yockey,, Hubert P.},
 title = {Information theory, evolution and the origin of life},
 journal = {Inf. Sci. Inf. Comput. Sci.},
 volume = {141},
 number = {3-4},
 year = {2002},
 issn = {0020-0255},
 doi = {http://dx.doi.org/10.1016/S0020-0255(02)00173-1},
 publisher = {Elsevier Science Inc.},
 address = {New York, NY, USA},
 }
 
 @Misc{Weather,
author = {Stephen J. Dubner},
title = {How Valid Are TV Weather Forecasts?},
note = {http://freakonomics.blogs.nytimes.com/2008/04/21/how-valid-are-tv-weather-forecasts/},
}
@Misc{RecipeForDisaster,
author = {Felix Salmon},
title = {Recipe for Disaster: The Formula That Killed Wall Street},
note = {http://www.wired.com/techbiz/it/magazine/17-03/wp_quant?currentPage=1},
}

@Misc{CoreWarsGA,
author = {John Regehr},	
title = {Using Genetic Algorithms to Evolve Core Warriors},
note = {http://www.cs.utah.edu/~regehr/talks/corewar/},
}